<?xml version="1.0" encoding="UTF-8"?><collection xmlns="http://www.loc.gov/MARC21/slim"><record><leader>00453nam--2200181-i-4500</leader><controlfield tag="001">000014339</controlfield><controlfield tag="002">20161230</controlfield><controlfield tag="005">20161230201030</controlfield><controlfield tag="008">060222s1000------------r-----000-0-rus-d</controlfield><datafield ind1=" " ind2=" " tag="040"><subfield code="a">IFIN-HH</subfield></datafield><datafield ind1=" " ind2=" " tag="041"><subfield code="a">rus</subfield></datafield><datafield ind1=" " ind2=" " tag="080"><subfield code="a">519.688</subfield></datafield><datafield ind1="1" ind2=" " tag="110"><subfield code="a">Kazanskogo Universiteta</subfield></datafield><datafield ind1="1" ind2="0" tag="245"><subfield code="a">Operationnie sustemi evm tretbego pokolenia</subfield></datafield><datafield ind1=" " ind2=" " tag="260"><subfield code="b">Kazanskogo Universiteta</subfield><subfield code="c">1977</subfield></datafield><datafield ind1=" " ind2=" " tag="300"><subfield code="a">105P</subfield></datafield><datafield ind1=" " ind2=" " tag="852"><subfield code="a">46146</subfield><subfield code="c">519.5/6</subfield></datafield><datafield ind1=" " ind2=" " tag="CAT"><subfield code="a">Sys</subfield><subfield code="c">20130813</subfield><subfield code="h">163646</subfield></datafield></record></collection>